% Encoding: UTF-8

@book{duda1973patternclass,
	title={Pattern classification and scene analysis},
	author={Duda, Richard O and Hart, Peter E and others},
	volume={3},
	year={1973},
	publisher={Wiley New York}
}


@article{raschka2014naivebayes,
	title={{Naive Bayes and Text Classification I: Introduction and Theory}},
	author={Raschka, Sebastian},
	journal={arXiv preprint arXiv:1410.5329},
	year={2014}
}

@inproceedings{rish2001nb_study,
	title={An empirical study of the naive Bayes classifier},
	author={Rish, Irina},
	booktitle={IJCAI 2001 workshop on empirical methods in artificial intelligence},
	volume={3},
	number={22},
	pages={41--46},
	year={2001},
	organization={IBM New York}
}

@inproceedings{schutze1995chi2,
	title={A comparison of classifiers and document representations for the routing problem},
	author={Sch{\"u}tze, Hinrich and Hull, David A and Pedersen, Jan O},
	booktitle={Proceedings of the 18th annual international ACM SIGIR conference on Research and development in information retrieval},
	pages={229--237},
	year={1995},
	organization={ACM}
}

@inproceedings{yang1997IGandIMandCHIandTS,
	title={A comparative study on feature selection in text categorization},
	author={Yang, Yiming and Pedersen, Jan O},
	booktitle={Icml},
	volume={97},
	pages={412--420},
	year={1997}
}


@article{frantzi2000CValueNCValue,
	title={Automatic recognition of multi-word terms:. the c-value/nc-value method},
	author={Frantzi, Katerina and Ananiadou, Sophia and Mima, Hideki},
	journal={International journal on digital libraries},
	volume={3},
	number={2},
	pages={115--130},
	year={2000},
	publisher={Springer}
}

@article{singh2014id3cartc45,
	title={{}Comparative study ID3, cart and C4.5 decision tree algorithm: a survey}},
	author={Singh, Sonia and Gupta, Priyanka},
	journal={Int J Adv Inf Sci Technol [Internet]},
	volume={27},
	pages={97--103},
	year={2014}
}


@article{harispe2013semlib,
	title={The semantic measures library and toolkit: fast computation of semantic similarity and relatedness using biomedical ontologies},
	author={Harispe, S{\'e}bastien and Ranwez, Sylvie and Janaqi, Stefan and Montmain, Jacky},
	journal={Bioinformatics},
	volume={30},
	number={5},
	pages={740--742},
	year={2013},
	publisher={Oxford University Press}
}

@article{waltl2018ruleiesurvey,
	title={RULE-BASED INFORMATION EXTRACTION: ADVANTAGES, LIMITATIONS, AND PERSPECTIVES},
	author={Waltl, Bernhard and Bonczek, Georg and Matthes, Florian},
	journal={Jusletter IT},
	day=12,
	month=February,
	year={2018}
}


@inproceedings{price1990atis,
	title={Evaluation of spoken language systems: The ATIS domain},
	author={Price, Patti J},
	booktitle={Speech and Natural Language: Proceedings of a Workshop Held at Hidden Valley, Pennsylvania, June 24-27, 1990},
	year={1990}
}

@inproceedings{vinyals2015pointernetworks,
	title={Pointer networks},
	author={Vinyals, Oriol and Fortunato, Meire and Jaitly, Navdeep},
	booktitle={Advances in Neural Information Processing Systems},
	pages={2692--2700},
	year={2015}
}


@inproceedings{liu2013mitmovierestaurant,
	title={Asgard: A portable architecture for multilingual dialogue systems},
	author={Liu, Jingjing and Pasupat, Panupong and Cyphers, Scott and Glass, Jim},
	booktitle={Acoustics, Speech and Signal Processing (ICASSP), 2013 IEEE International Conference on},
	pages={8386--8390},
	year={2013},
	organization={IEEE}
}


@article{cover1967knn,
	title={Nearest neighbor pattern classification},
	author={Cover, Thomas and Hart, Peter},
	journal={IEEE transactions on information theory},
	volume={13},
	number={1},
	pages={21--27},
	year={1967},
	publisher={IEEE}
}

@inproceedings{nigam1999maxent,
	title={Using maximum entropy for text classification},
	author={Nigam, Kamal and Lafferty, John and McCallum, Andrew},
	booktitle={IJCAI-99 workshop on machine learning for information filtering},
	volume={1},
	pages={61--67},
	year={1999}
}

@TechReport{sharnagat2014nersurvey,
	Title                    = {Named entity recognition: A literature survey},
	author={Sharnagat, Rahul},
	Institution              = {Center For Indian Language Technology},
	Year                     = {2014},
	Note                     = {https://pdfs.semanticscholar.org/83fd/67f0c9e8e909dc7b90025e64bde0385a9a3a.pdf}}
}

@article{nadeau2007nersurvey,
	title={A survey of named entity recognition and classification},
	author={Nadeau, David and Sekine, Satoshi},
	journal={Lingvisticae Investigationes},
	volume={30},
	number={1},
	pages={3--26},
	year={2007},
	publisher={John Benjamins publishing company}
}

@article{nair2018judgsimassorule,
	title={{Similarity Analysis of Court Judgements Using Association Rule Mining on Case Citation Data - A Case Study}},
	author={Nair, Akhil M. and Wagh, Rupali  Sunil},
	journal={{International Journal of Engineering Research and Technology}},
	volume = {11},
	number={3},
	ISSN={0974-3154},
	pages = {373--381},
	year={2018},
	publisher={{International Research Publication House}}
}

@article{tumonis2012legalrealism,
	title={LEGAL REALISM \& JUDICIAL DECISION-MAKING.},
	author={Tumonis, Vitalius},
	journal={Jurisprudencija},
	volume={19},
	number={4},
	year={2012},
	page={1361--1382}
}

@inproceedings{kumar2011judgmentsimilarity,
	title={Similarity analysis of legal judgments},
	author={Kumar, Sushanta and Reddy, P Krishna and Reddy, V Balakista and Singh, Aditya},
	booktitle={{Proceedings of Compute 2011 - Fourth Annual ACM Bangalore Conference}},
	pages={17},
	year={2011},
	organization={ACM}
}

@InProceedings{branting2017autoJudiDocAnalysis,
	author       = {{Branting, L. Karl}},
	title        = {{Automating Judicial Document Analysis}},
	booktitle    = {{Proceedings of 2ndWorkshop on Automated Semantic Analysis of Information in Legal Texts}},
	year         = {2017},
	pages        = {7},
	address      = {London, United Kingdom},
	month        = jun,
	organization = {ASAIL’2017},
}

@Article{ma2018wmdchinesecase,
  author  = {Ma, Yinglong and Zhang, Peng and Ma, Jiangang},
  title   = {{An Efficient Approach to Learning Chinese Judgment Document Similarity Based on Knowledge Summarization}},
  journal = {{arXiv preprint}},
  year    = {2018},
  pages   = {23},
  note    = {{arXiv:1808.01843}},
}

@InProceedings{sabzi2011fuzzykmedoids,
  author       = {Sabzi, Akhtar and Farjami, Yaghoub and ZiHayat, Morteza},
  title        = {An improved fuzzy k-medoids clustering algorithm with optimized number of clusters},
  booktitle    = {{Proceedings of the 11th International Conference on Hybrid Intelligent Systems (HIS)}},
  year         = {2011},
  pages        = {206--210},
  organization = {IEEE},
}

@Article{alfred2014malayner,
  author    = {Alfred, Rayner and Leong, Leow Chin and On, Chin Kim and Anthony, Patricia},
  title     = {Malay named entity recognition based on rule-based approach},
  journal   = {{International Journal of Machine Learning and Computing}},
  year      = {2014},
  volume    = {4},
  number    = {3},
  pages     = {300},
  publisher = {IACSIT Press},
}

@Article{amarappa2015kannada,
  author  = {Amarappa, S. and Sathyanarayana, S. V.},
  title   = {{Kannada named entity recognition and classification (NERC) based on multinomial naïve bayes (MNB) classifier}},
  journal = {{International Journal on Natural Language Computing (IJNLC)}},
  month = aug,
  year    = {2015},
  volume = {4},  
  number  = {4},  
  note = {\url{https://arxiv.org/pdf/1509.04385.pdf}},
  url     = {https://arxiv.org/pdf/1509.04385.pdf},
}

@Article{berti_RNTI-QUALITE04,
  author     = {Berti-Equille, L.},
  title      = {La qualit{\'e} des donn{\'e}es comme condition vers la qualit{\'e} des connaissances : un {\'e}tat de l'art},
  journal    = {{RNTI-E-1}},
  year       = {2004},
  pages      = {95--118},
  editor     = {Briand, H. and Sebag, M. and Gras, R. and Guillet, F.},
  optjournal = {Revue des Nouvelles Technologies de l'Information},
}

@Article{blei2003lda,
  author  = {Blei, David M. and Ng, Andrew Y. and Jordan, Michael I.},
  title   = {{Latent Dirichlet Allocation}},
  journal = {{the Journal of Machine Learning Research}},
  year    = {2003},
  volume  = {3},
  pages   = {993--1022},
}

@Article{bontcheva2013gateteamware,
  author    = {Bontcheva, Kalina and Cunningham, Hamish and Roberts, Ian and Roberts, Angus and Tablan, Valentin and Aswani, Niraj and Gorrell, Genevieve},
  title     = {{GATE Teamware: a web-based, collaborative text annotation framework}},
  journal   = {{Language Resources and Evaluation}},
  year      = {2013},
  volume    = {47},
  number    = {4},
  pages     = {1007--1029},
  publisher = {Springer},
}

@Article{DBLP:journals/corr/HuangXY15,
  author        = {Zhiheng Huang and Wei Xu and Kai Yu},
  title         = {{Bidirectional LSTM-CRF Models for Sequence Tagging}},
  journal       = {arXiv preprint},
  year          = {2015},
  volume        = {abs/1508.01991},
  archiveprefix = {arXiv},
  bibsource     = {dblp computer science bibliography, https://dblp.org},
  biburl        = {https://dblp.org/rec/bib/journals/corr/HuangXY15},
  eprint        = {1508.01991},
  timestamp     = {Mon, 13 Aug 2018 16:46:46 +0200},
  url           = {http://arxiv.org/abs/1508.01991},
}

@Article{farzindar2004letsum,
  Title                    = {Letsum, an automatic legal text summarizing system},
  Author                   = {Farzindar, Atefeh and Lapalme, Guy},
  Journal                  = {Legal knowledge and information systems, JURIX},
  Year                     = {2004},
  Pages                    = {11--18}
}

@Article{hanisch2005prominer,
  author    = {Hanisch, Daniel and Fundel, Katrin and others},
  title     = {{ProMiner: rule-based protein and gene entity recognition}},
  journal   = {{BMC bioinformatics}},
  year      = {2005},
  volume    = {6},
  number    = {1},
  pages     = {14},
  publisher = {BioMed Central},
}

@Article{hou2016neokmeans,
  author  = {Hou, Yangyang and Whang, Joyce Jiyoung and Gleich, David F. and Dhillon, Inderjit S.},
  title   = {Fast multiplier methods to optimize non-exhaustive, overlapping clustering},
  journal = {arXiv preprint},
  year    = {2016},
  number  = {arXiv:1602.01910},
}

@Article{jeandidier2006pensions,
  author    = {Jeandidier, Bruno and Ray, Jean-Claude},
  title     = {{Pensions alimentaires pour enfants lors du divorce - \big[ Les juges appliquent-ils implicitement un calcul fond{\'e} sur le co{\^u}t de l’enfant? \big]}},
  journal   = {Revue des politiques sociales et familiales},
  year      = {2006},
  volume    = {84},
  number    = {1},
  pages     = {5--18},
  note      = {\url{https://www.persee.fr/doc/caf_1149-1590_2006_num_84_1_2207}},
  publisher = {Caisse nationale des allocations familiales},
  url       = {https://www.persee.fr/doc/caf_1149-1590_2006_num_84_1_2207},
}

@Article{jones2000bm25idf,
  author    = {Jones, K. Sparck and Walker, Steve and Robertson, Stephen E.},
  title     = {A probabilistic model of information retrieval: development and comparative experiments},
  journal   = {Information processing \& management},
  year      = {2000},
  volume    = {36},
  number    = {6},
  pages     = {809--840},
  publisher = {Elsevier},
}

@Article{jordan2002discriminativegenerative,
  author  = {Jordan, A.},
  title   = {On discriminative vs. generative classifiers: a comparison of logistic regression and naive bayes},
  journal = {Advances in neural information processing systems},
  year    = {2002},
  volume  = {14},
  pages   = {841},
  url     = {http://ai.stanford.edu/~ang/papers/nips01-discriminativegenerative.pdf},
}

@Article{lafferty2001crfie,
  author  = {Lafferty, John and McCallum, Andrew and Pereira, Fernando C. N.},
  title   = {Conditional random fields: probabilistic models for segmenting and labeling sequence data},
  journal = {{International Conference on Machine Learning}},
  year    = {2001},
  url     = {http://repository.upenn.edu/cgi/viewcontent.cgi?article=1162&context=cis_papers},
}

@Article{lample2016nnner,
  author  = {Lample, Guillaume and Ballesteros, Miguel and others},
  title   = {Neural architectures for named entity recognition},
  journal = {arXiv preprint},
  year    = {2016},
  note    = {{arXiv:1603.01360}},
}

@Article{liu1989l-bfgs,
  author    = {Liu, Dong C. and Nocedal, Jorge},
  title     = {{On the limited memory BFGS method for large scale optimization}},
  journal   = {Mathematical programming},
  year      = {1989},
  volume    = {45},
  number    = {1},
  pages     = {503--528},
  publisher = {Springer},
}
@inproceedings{yadav2018surveyNeuralNER,
	title={A Survey on Recent Advances in Named Entity Recognition from Deep Learning models},
	author={Yadav, Vikas and Bethard, Steven},
	booktitle={Proceedings of the 27th International Conference on Computational Linguistics},
	pages={2145--2158},
	year={2018}
}
@article{li2018wcpbioner,
	title={WCP-RNN: a novel RNN-based approach for Bio-NER in Chinese EMRs},
	author={Li, Jianqiang and Zhao, Shenhe and Yang, Jijiang and Huang, Zhisheng and Liu, Bo and Chen, Shi and Pan, Hui and Wang, Qing},
	journal={The Journal of Supercomputing},
	pages={1--18},
	year={2018},
	publisher={Springer}
}

@Article{marrero2013nersurvey,
  Title                    = {Named entity recognition: fallacies, challenges and opportunities},
  Author                   = {Marrero, M{\'o}nica and Urbano, Juli{\'a}n and others},
  Journal                  = {Computer Standards \& Interfaces},
  Year                     = {2013},
  Number                   = {5},
  Pages                    = {482--489},
  Volume                   = {35},

  Publisher                = {Elsevier}
}

@Article{mccallum2000cora,
  Title                    = {Automating the construction of internet portals with machine learning},
  Author                   = {McCallum, Andrew Kachites and Nigam, Kamal and others},
  Journal                  = {Information Retrieval},
  Year                     = {2000},
  Number                   = {2},
  Pages                    = {127--163},
  Volume                   = {3},

  Publisher                = {Springer}
}

@Article{moens2007summarizing,
  Title                    = {Summarizing court decisions},
  Author                   = {Moens, Marie-Francine},
  Journal                  = {Information processing \& management},
  Year                     = {2007},
  Number                   = {6},
  Pages                    = {1748--1764},
  Volume                   = {43},

  Publisher                = {Elsevier}
}

@Article{mohammed2012arabicnnner,
  Title                    = {Arabic named entity recognition using artificial neural network},
  Author                   = {Mohammed, Naji F and Omar, Nazlia},
  Journal                  = {Journal of Computer Science},
  Year                     = {2012},
  Number                   = {8},
  Pages                    = {1285},
  Volume                   = {8}
}

@Article{mussard2018ginipls,
  Title                    = {Gini-PLS Regressions},
  Author                   = {Mussard, St{\'e}phane
and Souissi-Benrejab, Fattouma},
  Journal                  = {Journal of Quantitative Economics},
  Year                     = {2018},

  Month                    = {April},
  Pages                    = {1--36},

  Abstract                 = {Data contamination and excessive correlations between regressors (multicollinearity) constitute a standard and major problem in econometrics. Two techniques enable solving these problems, in separate ways: the Gini regression for the former, and the PLS (partial least squares) regression for the latter. Gini-PLS regressions are proposed in order to treat extreme values and multicollinearity simultaneously.},
  Day                      = {16},
  Doi                      = {10.1007/s40953-018-0132-9},
  ISSN                     = {2364-1045},
  Url                      = {https://doi.org/10.1007/s40953-018-0132-9}
}

@Article{patra2011distanceclust,
  Title                    = {A distance based clustering method for arbitrary shaped clusters in large datasets},
  Author                   = {Patra, Bidyut Kr and Nandi, Sukumar and Viswanath, P},
  Journal                  = {Pattern Recognition},
  Year                     = {2011},
  Number                   = {12},
  Pages                    = {2862--2870},
  Volume                   = {44},

  Publisher                = {Elsevier},
  Url                      = {\url{https://ccc.inaoep.mx/~ariel/2012/A%20distance%20based%20clustering%20method%20for%20arbitrary%20shaped%20clusters%20in%20large%20datasets.pdf}}
}

@Article{peshkin2003iebn,
  Title                    = {Bayesian information extraction network},
  Author                   = {Peshkin, Leonid and Pfeffer, Avi},
  Journal                  = {arXiv preprint cs/0306039},
  Year                     = {2003},

  Url                      = {http://arxiv.org/pdf/cs/0306039.pdf}
}

@Article{petrillo2010gatemananno,
  Title                    = {Introduction to manual annotation},
  Author                   = {Petrillo, Matthew and Baycroft, Jessica},
  Journal                  = {Fairview Research},
  Year                     = {2010},

  Url                      = {https://gate.ac.uk/teamware/man-ann-intro.pdf}
}

@Article{pudil1994floatingFeatSelection,
  Title                    = {Floating search methods in feature selection},
  Author                   = {Pudil, Pavel and Novovi{\v{c}}ov{\'a}, Jana and Kittler, Josef},
  Journal                  = {Pattern recognition letters},
  Year                     = {1994},
  Number                   = {11},
  Pages                    = {1119--1125},
  Volume                   = {15},

  Publisher                = {Elsevier}
}

@Article{rafi2014clustconstr,
  Title                    = {Document clustering using graph based document representation with constraints},
  Author                   = {Muhammad Rafi and Farnaz Amin and Mohammad Shahid Shaikh},
  Journal                  = {CoRR},
  Year                     = {2014},
  Volume                   = {abs/1412.1888},

  Bibsource                = {dblp computer science bibliography, http://dblp.org},
  Biburl                   = {http://dblp.uni-trier.de/rec/bib/journals/corr/RafiAS14},
  Timestamp                = {Thu, 01 Jan 2015 19:51:08 +0100},
  Url                      = {http://arxiv.org/abs/1412.1888}
}

@Article{raman2003exampleSelection,
  Title                    = {Enhancing learning using feature and example selection},
  Author                   = {Raman, Baranidharan and Ioerger, Thomas R},
  Journal                  = {Texas A\&M University, College Station, TX, USA},
  Year                     = {2003}
}

@Article{salton1988term-weighting,
  Title                    = {Term-weighting approaches in automatic text retrieval},
  Author                   = {Salton, Gerard and Buckley, Christopher},
  Journal                  = {Information processing \& management},
  Year                     = {1988},
  Number                   = {5},
  Pages                    = {513--523},
  Volume                   = {24},

  Publisher                = {Elsevier}
}

@Article{sathiyakumari2011clustering,
  Title                    = {A survey on various approaches in document clustering},
  Author                   = {Sathiyakumari, K and Manimekalai, G and Preamsudha, V and Scholar, M Phil},
  Journal                  = {International Journal of Computer Technology and Application (IJCTA)},
  Year                     = {2011},
  Number                   = {5},
  Pages                    = {1534--1539},
  Volume                   = {2}
}

@Article{sladic2016anonymization,
  Title                    = {Computer aided anonymization and redaction of judicial documents},
  Author                   = {Sladi{\'c}, Goran and Gostoji{\'c}, Stevan and Milosavljevi{\'c}, Branko and jovi{\'c}, Zora and Milosavljevi{\'c}, Gordana},
  Journal                  = {Computer Science and Information Systems},
  Year                     = {2016},
  Number                   = {1},
  Pages                    = {217--236},
  Volume                   = {13}
}

@Article{sparck1972idf,
  Title                    = {A statistical interpretation of term specificity and its application in retrieval},
  Author                   = {Sparck Jones, Karen},
  Journal                  = {Journal of documentation},
  Year                     = {1972},
  Number                   = {1},
  Pages                    = {11--21},
  Volume                   = {28},

  Publisher                = {MCB UP Ltd}
}

@Article{tellier2012SEM,
  Title                    = {Un segmenteur-{\'e}tiqueteur et un chunker pour le fran{\c{c}}ais},
  Author                   = {Tellier, Isabelle and Dupont, Yoann and Courmet, Arnaud},
  Journal                  = {JEP-TALN-RECITAL 2012},
  Year                     = {2012},
  Pages                    = {7}
}

@Article{ulmer1963quantitative,
  Title                    = {Quantitative analysis of judicial processes: Some practical and theoretical applications},
  Author                   = {Ulmer, S Sidney},
  Journal                  = {Law and Contemporary Problems},
  Year                     = {1963},
  Number                   = {1},
  Pages                    = {164--184},
  Volume                   = {28},

  Publisher                = {JSTOR},
  Url                      = {https://www.jstor.org/stable/1190728?seq=1#page_scan_tab_contents}
}

@Article{viera2005kappa,
  Title                    = {Understanding interobserver agreement: the kappa statistic},
  Author                   = {Viera, Anthony J and Garrett, Joanne M and others},
  Journal                  = {Fam Med},
  Year                     = {2005},
  Number                   = {5},
  Pages                    = {360--363},
  Volume                   = {37}
}

@Article{viterbi1967viterbi,
  Title                    = {Error bounds for convolutional codes and an asymptotically optimum decoding algorithm},
  Author                   = {Viterbi, Andrew James},
  Journal                  = {IEEE transactions on Information Theory},
  Year                     = {1967},
  Number                   = {2},
  Pages                    = {260--269},
  Volume                   = {13},

  Publisher                = {IEEE}
}

@Article{welch2003baumwelch,
  Title                    = {{Hidden Markov models and the Baum-Welch algorithm}},
  Author                   = {Welch, Lloyd R},
  Journal                  = {IEEE Information Theory Society Newsletter},
  Year                     = {2003},
  Number                   = {4},
  Pages                    = {10--13},
  Volume                   = {53}
}

@Book{bertin_77,
  Title                    = {La graphique et le traitement graphique de l'information},
  Author                   = {Bertin, J.},
  Publisher                = {Flammarion},
  Year                     = {1977}
}

@Book{brans_mareschal_EUB02,
  Title                    = {{\sc promethee-gaia} -- Une m{\'e}thode d'aide {\`a} la d{\'e}cision en pr{\'e}sence de crit{\`e}res multiples},
  Author                   = {J.P. Brans and B. Mareschal},
  Publisher                = {Ellipses},
  Year                     = {2002},

  Optseries                = {Statistique et mathématiques appliquées}
}

@Book{freitas2013datamining,
  Title                    = {Data mining and knowledge discovery with evolutionary algorithms},
  Author                   = {Freitas, Alex A},
  Publisher                = {Springer Science \& Business Media},
  Year                     = {2013}
}

@article{kitoogo2007featureSelectNER,
	title={A methodology for feature selection in named entity recognition},
	author={Kitoogo, Fredrick Edward and Baryamureeba, Venansius},
	journal={Strengthening the Role of ICT in Development},
	pages={88},
	year={2007}
}

@Book{liu2012featureSelection,
  Title                    = {Feature selection for knowledge discovery and data mining},
  Author                   = {Liu, Huan and Motoda, Hiroshi},
  Publisher                = {Springer Science \& Business Media},
  Year                     = {2012},
  Volume                   = {454}
}

@Book{llewellyn1962jurisprudence,
  Title                    = {Jurisprudence: Realism in Theory and Practice},
  Author                   = {Llewellyn, Karl Nickerson},
  Publisher                = {The University of Chicago Press},
  Year                     = {1962},

  Pages                    = {531}
}

@article{bakkelund2009lcs,
	title={An LCS-based string metric},
	author={Bakkelund, Daniel},
	journal={Olso, Norway: University of Oslo},
	year={2009}
}


@incollection{manning2008irbook-weighting,
	author      = "Manning, Christopher D and Raghavan, Prabhakar and Sch{\"u}tze, Hinrich",
	title       = "Scoring, term weighting and the
	vector space model",
	booktitle   = "Introduction to information retrieval",
	year={2008},
	publisher={Cambridge university press},
	address     = "Cambridge",
	pages       = "109-133",
	chapter     = 6,
}

@Book{manning2008intro2ir,
  Title                    = {Introduction to Information Retrieval},
  Author                   = {Manning, Christopher D. and Raghavan, Prabhakar and Schütze, Hinrich},
  Publisher                = {Cambridge University Press},
  Year                     = {2008},

  Url                      = {http://nlp.stanford.edu/IR-book/}
}

@Book{rosset2011quaero,
  Title                    = {Entit{\'e}s nomm{\'e}es structur{\'e}es: guide d'annotation Quaero},
  Author                   = {Rosset, Sophie and Grouin, Cyril and Zweigenbaum, Pierre},
  Publisher                = {LIMSI-Centre national de la recherche scientifique},
  Year                     = {2011}
}

@InCollection{cardellino2015IEwitAL,
  Title                    = {Information Extraction with Active Learning: A Case Study in Legal Text},
  Author                   = {Cardellino, Cristian and Villata, Serena and others},
  Booktitle                = {Computational Linguistics and Intelligent Text Processing},
  Publisher                = {Springer},
  Year                     = {2015},
  Pages                    = {483--494}
}

@InCollection{dozier2010legalnerr,
  Title                    = {Named entity recognition and resolution in legal text},
  Author                   = {Dozier, Christopher and Kondadadi, Ravikumar and Light, Marc and Vachher, Arun and Veeramachaneni, Sriharsha and Wudali, Ramdev},
  Booktitle                = {Semantic Processing of Legal Texts},
  Publisher                = {Springer},
  Year                     = {2010},
  Pages                    = {27--43}
}

@InCollection{tenenhaus2005logitpls,
  Title                    = {La regression logistique {PLS}},
  Author                   = {Tenenhaus, Michel},
  Booktitle                = {Modèles statistiques pour données qualitatives},
  Publisher                = {Editions Technip},
  Year                     = {2005},
  Chapter                  = {12},
  Editor                   = {Droesbeke, Jean-Jacques and Lejeune, Michel and Saporta, Gilbert},
  Pages                    = {263--276}
}

@InCollection{xiao2010corpuscreation,
  Title                    = {Corpus Creation},
  Author                   = {Richard Xiao},
  Booktitle                = {Handbook of Natural Language Processing},
  Publisher                = {Chapman and Hall},
  Year                     = {2010},
  Chapter                  = {7},
  Edition                  = {Second},
  Editor                   = {Nitin Indurkhya and Fred J . Damerau},
  Pages                    = {146–165}
}

@InProceedings{agrawal_etal_SIGMOD93,
  Title                    = {Mining Association Rules between Sets of Items in Large Databases},
  Author                   = {Agrawal, R. and Imielinski, T. and Swami, A.N.},
  Booktitle                = {{ACM} {SIGMOD} International Conference on Management of Data},
  Year                     = {1993},
  Editor                   = {Buneman, P. and Jajodia, S.},
  Pages                    = {207--216},

  Optaddress               = {Washington, D.C.}
}

@InProceedings{ahn2006stages,
  Title                    = {The stages of event extraction},
  Author                   = {Ahn, David},
  Booktitle                = {Proceedings of the Workshop on Annotating and Reasoning about Time and Events},
  Year                     = {2006},
  Organization             = {Association for Computational Linguistics},
  Pages                    = {1--8}
}

@InProceedings{andrew2018legalNerAndRelation,
  Title                    = {Automatic Extraction of Entities and Relation from Legal Documents},
  Author                   = {Andrew, Judith Jeyafreeda and Tannier, Xavier},
  Booktitle                = {Proceedings of the Seventh Named Entities Workshop},
  Year                     = {2018},
  Pages                    = {1--8}
}

@article{wu2017balancingtermweight,
	title={Balancing between over-weighting and under-weighting in supervised term weighting},
	author={Wu, Haibing and Gu, Xiaodong and Gu, Yiwei},
	journal={Information Processing \& Management},
	volume={53},
	number={2},
	pages={547--557},
	year={2017},
	publisher={Elsevier}
}

@InProceedings{balikas2017wordcluster4NER,
  Title                    = {On the effectiveness of feature set augmentation using clusters of word embeddings},
  Author                   = {Balikas, Georgios and Partalas, Ioannis and Amin, Massih-Reza},
  Booktitle                = {Proceedings of ACM Conference, Washington, DC, USA},
  Year                     = {2017},
  Pages                    = {5 pages}
}

@InProceedings{benajiba2008arabicner,
  Title                    = {Arabic named entity recognition using conditional random fields},
  Author                   = {Benajiba, Yassine and Rosso, Paolo},
  Booktitle                = {Proc. of Workshop on HLT \& NLP within the Arabic World, LREC},
  Year                     = {2008},
  Pages                    = {143--153},
  Volume                   = {8}
}

@InProceedings{bruninghaus2003predicting,
  Title                    = {Predicting outcomes of case based legal arguments},
  Author                   = {Bruninghaus, Stefanie and Ashley, Kevin D},
  Booktitle                = {Proceedings of the 9th international conference on Artificial intelligence and law},
  Year                     = {2003},
  Organization             = {ACM},
  Pages                    = {233--242},

  Url                      = {http://www.lrdc.pitt.edu/ashley/bruninghaus.pdf}
}

@InProceedings{candillier2006clustEvalCascad,
  Title                    = {{\'E}valuation en cascade d'algorithmes de clustering},
  Author                   = {Candillier, Laurent and Tellier, Isabelle and Torre, Fabien and Bousquet, Olivier},
  Booktitle                = {Conf{\'e}rence d'Apprentissage},
  Year                     = {2006},

  Url                      = {http://www.lattice.cnrs.fr/sites/itellier/articles/CAP06CASC.pdf}
}

@InProceedings{cardellino2017legalNERCL,
  Title                    = {A low-cost, high-coverage legal named entity recognizer, classifier and linker},
  Author                   = {Cardellino, Cristian and Teruel, Milagro and others},
  Booktitle                = {Proceedings of the 16th edition of the International Conference on Articial Intelligence and Law},
  Year                     = {2017},
  Organization             = {ACM},
  Pages                    = {9--18},
  url = {https://hal.archives-ouvertes.fr/hal-01541446/file/main.pdf}
}

@InProceedings{chau2002nerwithNN,
  Title                    = {Extracting meaningful entities from police narrative reports},
  Author                   = {Chau, Michael and Xu, Jennifer J and Chen, Hsinchun},
  Booktitle                = {Proceedings of the 2002 annual national conference on Digital government research},
  Year                     = {2002},
  Organization             = {Digital Government Society of North America},
  Pages                    = {1--5},

  Url                      = {https://www.researchgate.net/profile/Michael_Chau2/publication/2544779_Extracting_Meaningful_Entities_from_Police_Narrative_Reports/links/0c96053ad7eec1adf3000000.pdf}
}

@article{frank2016weka,
	title={The WEKA workbench},
	author={Frank, Eibe and Hall, MA and Witten, IH},
	journal={Data mining: Practical machine learning tools and techniques. Burlington: Morgan Kaufmann},
	year={2016}
}

@InProceedings{chen2016event,
  Title                    = {Event Extraction via Bidirectional Long Short-Term Memory Tensor Neural Networks},
  Author                   = {Chen, Yubo and Liu, Shulin and He, Shizhu and Liu, Kang and Zhao, Jun},
  Booktitle                = {China National Conference on Chinese Computational Linguistics},
  Year                     = {2016},
  Organization             = {Springer},
  Pages                    = {190--203}
}

@InProceedings{chiticariu2010adaptativerulebased,
  Title                    = {Domain adaptation of rule-based annotators for named-entity recognition tasks},
  Author                   = {Chiticariu, Laura and Krishnamurthy, Rajasekar and Li, Yunyao and Reiss, Frederick and Vaithyanathan, Shivakumar},
  Booktitle                = {Proceedings of the 2010 Conference on Empirical Methods in Natural Language Processing},
  Year                     = {2010},
  Organization             = {Association for Computational Linguistics},
  Pages                    = {1002--1012}
}

@InProceedings{ekbal2008bengalisvm,
  Title                    = {Bengali named entity recognition using support vector machine},
  Author                   = {Ekbal, Asif and Bandyopadhyay, Sivaji},
  Booktitle                = {Proceedings of the IJCNLP-08 Workshop on Named Entity Recognition for South and South East Asian Languages},
  Year                     = {2008}
}

@InProceedings{erkan2006lgmodlclust,
  Title                    = {Language model-based document clustering using random walks},
  Author                   = {Erkan, G{\"u}ne{\c{s}}},
  Booktitle                = {Proceedings of the main conference on human language technology conference of the north American chapter of the association of computational linguistics},
  Year                     = {2006},
  Organization             = {Association for Computational Linguistics},
  Pages                    = {479--486}
}

@InProceedings{finkel2005stanfordcrfner,
  Title                    = {Incorporating non-local information into information extraction systems by {G}ibbs sampling},
  Author                   = {Finkel, Jenny Rose and Grenager, Trond and Manning, Christopher},
  Booktitle                = {Proceedings of the 43rd annual meeting on association for computational linguistics},
  Year                     = {2005},
  Organization             = {Association for Computational Linguistics},
  Pages                    = {363--370}
}

@InProceedings{galavotti2000gss,
  Title                    = {Experiments on the use of feature selection and negative evidence in automated text categorization},
  Author                   = {Galavotti, Luigi and Sebastiani, Fabrizio and Simi, Maria},
  Booktitle                = {International Conference on Theory and Practice of Digital Libraries},
  Year                     = {2000},
  Organization             = {Springer},
  Pages                    = {59--68}
}

@article{martineau2009didf,
	title={Delta TFIDF: An Improved Feature Space for Sentiment Analysis.},
	author={Martineau, Justin and Finin, Tim and others},
	journal={Icwsm},
	volume={9},
	pages={106},
	year={2009}
}

@inproceedings{gharbieh2017deeptermlearning,
	title={Deep Learning Models For Multiword Expression Identification},
	author={Gharbieh, Waseem and Bhavsar, Virendrakumar and Cook, Paul},
	booktitle={Proceedings of the 6th Joint Conference on Lexical and Computational Semantics (* SEM 2017)},
	pages={54--64},
	year={2017}
}


@article{gomez2004overviewontologielearning,
	title={An overview of methods and tools for ontology learning from texts},
	author={G{\'o}mez-P{\'e}rez, Asunci{\'o}n and Manzano-Macho, David},
	journal={The knowledge engineering review},
	volume={19},
	number={3},
	pages={187--212},
	year={2004},
	publisher={Cambridge University Press}
}


@inproceedings{gaizauskas2000linguistictermrecognition,
	title={Term recognition and classification in biological science journal articles},
	author={Gaizauskas, Robert and Demetriou, George and Humphreys, Kevin},
	booktitle={In Proc. of the Computional Terminology for Medical and Biological Applications Workshop of the 2 nd International Conference on NLP},
	year={2000},
	organization={Citeseer}
}


@inproceedings{lossio2014biotexcvalue,
	title={{BIOTEX: A system for biomedical terminology extraction, ranking, and validation}},
	author={Lossio-Ventura, Juan Antonio and Jonquet, Clement and Roche, Mathieu and Teisseire, Maguelonne},
	booktitle={ISWC: International Semantic Web Conference},
	year={2014}
}


@inproceedings{paltoglou2010dsidfANDdbidf,
	title={A study of information retrieval weighting schemes for sentiment analysis},
	author={Paltoglou, Georgios and Thelwall, Mike},
	booktitle={Proceedings of the 48th annual meeting of the association for computational linguistics},
	pages={1386--1395},
	year={2010},
	organization={Association for Computational Linguistics}
}


@InProceedings{galliano2009ester,
  Title                    = {The ESTER 2 evaluation campaign for the rich transcription of {F}rench radio broadcasts},
  Author                   = {Galliano, Sylvain and Gravier, Guillaume and Chaubard, Laura},
  Booktitle                = {Tenth Annual Conference of the International Speech Communication Association},
  Year                     = {2009}
}

@InProceedings{grave2017fasttextcls,
  Title                    = {Bag of tricks for efficient text classification},
  Author                   = {Grave, E and Mikolov, T and Joulin, A and Bojanowski, P},
  Booktitle                = {Proceedings of the 15th Conference of the European Chapter of the Association for Computational Linguistics},
  Year                     = {2017},
  Pages                    = {427--431}
}

@InProceedings{guo2009LSA4NER,
  Title                    = {Domain adaptation with latent semantic association for named entity recognition},
  Author                   = {Guo, Honglei and Zhu, Huijia and others},
  Booktitle                = {Proceedings of Human Language Technologies: The 2009 Annual Conference of the North American Chapter of the Association for Computational Linguistics},
  Year                     = {2009},
  Pages                    = {281--289}
}

@InProceedings{judea2015eventasframe,
  Title                    = {Event Extraction as Frame-Semantic Parsing.},
  Author                   = {Judea, Alex and Strube, Michael},
  Booktitle                = {Proceedings of the Fourth Joint Conference on Lexical and Computational Semantics (* SEM@ NAACL-HLT)},
  Year                     = {2015},
  Pages                    = {159--164}
}

@inproceedings{pennington2014glove,
	title={Glove: Global vectors for word representation},
	author={Pennington, Jeffrey and Socher, Richard and Manning, Christopher},
	booktitle={Proceedings of the 2014 conference on empirical methods in natural language processing (EMNLP)},
	pages={1532--1543},
	year={2014}
}

@InProceedings{kaufman1987kmedoids,
  Title                    = {Clustering by means of medoids},
  Author                   = {Kaufman, Leonard and Rousseeuw, Peter J.},
  Booktitle                = {Statistical Data Analysis Based on the L1-Norm},
  Year                     = {1987},
  Editor                   = {Yadolah Dodge},
  Note                     = {Amsterdam},
  Pages                    = {405–416},
  Publisher                = {North Holland/Elsevier},

  Url                      = {https://www.researchgate.net/profile/Peter_Rousseeuw/publication/243777819_Clustering_by_Means_of_Medoids/links/00b7d531493fad342c000000.pdf}
}

@InProceedings{klinger2009FeaturefilterCRF,
  Title                    = {Feature subset selection in conditional random fields for named entity recognition},
  Author                   = {Klinger, Roman and Friedrich, Christoph M},
  Booktitle                = {Proceedings of the International Conference RANLP-2009},
  Year                     = {2009},
  Pages                    = {185--191}
}

@InProceedings{konkol2015tagModel,
  Title                    = {Segment representations in named entity recognition},
  Author                   = {Konkol, Michal and Konop{\'\i}k, Miloslav},
  Booktitle                = {International Conference on Text, Speech, and Dialogue},
  Year                     = {2015},
  Organization             = {Springer},
  Pages                    = {61--70}
}

@InProceedings{Kriz2014nerinczechdecisions,
  Title                    = {Statistical Recognition of References in Czech Court Decisions},
  Author                   = {Kr{\'i}{\v{z}}, Vincent and Hladk{\'a}, Barbora and others},
  Booktitle                = {Human-Inspired Computing and Its Applications: 13th Mexican International Conference on Artificial Intelligence, MICAI 2014, Tuxtla Guti{\'e}rrez, Mexico, November 16-22, 2014. Proceedings, Part I},
  Year                     = {2014},

  Address                  = {Cham},
  Editor                   = {Gelbukh, Alexander and Espinoza, F{\'e}lix Castro and Galicia-Haro, Sof{\'i}a N.},
  Pages                    = {51--61},
  Publisher                = {Springer International Publishing},

  Doi                      = {10.1007/978-3-319-13647-9_6},
  ISBN                     = {978-3-319-13647-9},
  Url                      = {http://dx.doi.org/10.1007/978-3-319-13647-9_6}
}

@InProceedings{kusner2015wordmoverdist,
  Title                    = {From word embeddings to document distances},
  Author                   = {Kusner, Matt and Sun, Yu and Kolkin, Nicholas and Weinberger, Kilian},
  Booktitle                = {International Conference on Machine Learning},
  Year                     = {2015},
  Pages                    = {957--966}
}

@InProceedings{lam2016deonticdefeasible,
  author       = {Lam, Ho-Pun and Hashmi, Mustafa and Scofield, Brendan},
  title        = {{Enabling reasoning with LegalRuleML}},
  booktitle    = {International Symposium on Rules and Rule Markup Languages for the Semantic Web},
  year         = {2016},
  pages        = {241--257},
  organization = {Springer},
}

@InProceedings{li2002PAUM,
  Title                    = {The perceptron algorithm with uneven margins},
  Author                   = {Li, Yaoyong and Zaragoza, Hugo and Herbrich, Ralf and Shawe-Taylor, John and Kandola, Jaz},
  Booktitle                = {ICML},
  Year                     = {2002},
  Pages                    = {379--386},
  Volume                   = {2}
}

@InProceedings{li2008regexie,
  Title                    = {Regular expression learning for information extraction},
  Author                   = {Li, Yunyao and Krishnamurthy, Rajasekar and Raghavan, Sriram and Vaithyanathan, Shivakumar and Jagadish, HV},
  Booktitle                = {Proceedings of the Conference on Empirical Methods in Natural Language Processing},
  Year                     = {2008},
  Organization             = {Association for Computational Linguistics},
  Pages                    = {21--30},

  Url                      = {http://www.aclweb.org/anthology/D08-1003}
}

@InProceedings{lin2010fastclustering,
  Title                    = {A Very Fast Method for Clustering Big Text Datasets.},
  Author                   = {Lin, Frank and Cohen, William W},
  Booktitle                = {ECAI},
  Year                     = {2010},
  Pages                    = {303--308}
}

@InProceedings{ma2016lstm-cnns-crf,
  Title                    = {End-to-end sequence labeling via bi-directional {LSTM-CNNs-CRF}},
  Author                   = {Ma, Xuezhe and Hovy, Eduard},
  Booktitle                = {Proceedings of ACL},
  Year                     = {2016}
}

@InProceedings{macqueen1967kmeans,
  Title                    = {Some methods for classification and analysis of multivariate observations},
  Author                   = {MacQueen, James and others},
  Booktitle                = {Proceedings of the fifth Berkeley symposium on mathematical statistics and probability},
  Year                     = {1967},
  Number                   = {14},
  Organization             = {Oakland, CA, USA},
  Pages                    = {281--297},
  Volume                   = {1}
}

@InProceedings{mikheev1999NERlexicalWithRules,
  Title                    = {Named entity recognition without gazetteers},
  Author                   = {Mikheev, Andrei and Moens, Marc and Grover, Claire},
  Booktitle                = {Proceedings of the ninth conference on European chapter of the Association for Computational Linguistics},
  Year                     = {1999},
  Organization             = {Association for Computational Linguistics},
  Pages                    = {1--8}
}

@InProceedings{moens1997abstractingcases,
  Title                    = {{Abstracting of legal cases: the SALOMON experience}},
  Author                   = {Moens, Marie-Francine and Uyttendaele, Caroline and Dumortier, Jos},
  Booktitle                = {Proceedings of the 6th international conference on Artificial intelligence and law},
  Year                     = {1997},
  Organization             = {ACM},
  Pages                    = {114--122}
}

@InProceedings{nallapati2010blinddomaintransferner,
  Title                    = {Blind domain transfer for named entity recognition using generative latent topic models},
  Author                   = {Nallapati, Ramesh and Surdeanu, Mihai and Manning, Christopher},
  Booktitle                = {Proceedings of the NIPS 2010 Workshop on Transfer Learning Via Rich Generative Models},
  Year                     = {2010},
  Pages                    = {281--289}
}

@InProceedings{ng1997ngl,
  Title                    = {Feature selection, perceptron learning, and a usability case study for text categorization},
  Author                   = {Ng, Hwee Tou and Goh, Wei Boon and Low, Kok Leong},
  Booktitle                = {ACM SIGIR Forum},
  Year                     = {1997},
  Organization             = {ACM},
  Pages                    = {67--73},
  Volume                   = {31}
}

@InProceedings{nguyen2016jointtrgarg,
  Title                    = {Joint Event Extraction via Recurrent Neural Networks.},
  Author                   = {Nguyen, Thien Huu and Cho, Kyunghyun and Grishman, Ralph},
  Booktitle                = {HLT-NAACL},
  Year                     = {2016},
  Pages                    = {300--309}
}

@InProceedings{palm2017e2e-dnn,
  Title                    = {End-to-End Information Extraction without Token-Level Supervision},
  Author                   = {Rasmus Berg Palm and
 Dirk Hovy and
 Florian Laws and
 Ole Winther},
  Booktitle                = {Proceedings of the Workshop on Speech-Centric Natural Language Processing},
  Year                     = {2017}
}

@InProceedings{palmer1997learnedLookup,
  Title                    = {A statistical profile of the named entity task},
  Author                   = {Palmer, David D and Day, David S},
  Booktitle                = {Proceedings of the fifth conference on Applied natural language processing},
  Year                     = {1997},
  Organization             = {Association for Computational Linguistics},
  Pages                    = {190--193}
}

@InProceedings{pinto2003tableCRF,
  Title                    = {Table extraction using conditional random fields},
  Author                   = {Pinto, David and McCallum, Andrew and Wei, Xing and Croft, W Bruce},
  Booktitle                = {Proceedings of the 26th annual international ACM SIGIR conference on Research and development in informaion retrieval},
  Year                     = {2003},
  Organization             = {ACM},
  Pages                    = {235--242}
}

@InProceedings{plamondon2004anonymisation,
  Title                    = {Anonymisation de d{\'e}cisions de justice},
  Author                   = {Plamondon, Luc and Lapalme, Guy and Pelletier, Fr{\'e}d{\'e}ric},
  Booktitle                = {XIe Conf{\'e}rence sur le Traitement Automatique des Langues Naturelles (TALN 2004)},
  Year                     = {2004},
  Pages                    = {367--376}
}

@InProceedings{polifroni2011usingLDA,
  Title                    = {Using Latent Topic Features for Named Entity Extraction in Search Queries.},
  Author                   = {Polifroni, Joe and Mairesse, Fran{\c{c}}ois},
  Booktitle                = {INTERSPEECH},
  Year                     = {2011},
  Pages                    = {2129--2132}
}

@InProceedings{sagot2010lefff,
  Title                    = {The Lefff, a freely available and large-coverage morphological and syntactic lexicon for {F}rench},
  Author                   = {Sagot, Beno{\^\i}t},
  Booktitle                = {7th international conference on Language Resources and Evaluation (LREC 2010)},
  Year                     = {2010}
}

@InProceedings{sagot2012annotRefParis,
  Title                    = {Annotation r{\'e}f{\'e}rentielle du Corpus Arbor{\'e} de Paris 7 en entit{\'e}s nomm{\'e}es},
  Author                   = {Sagot, Beno{\^\i}t and Richard, Marion and Stern, Rosa},
  Booktitle                = {Traitement Automatique des Langues Naturelles (TALN)},
  Year                     = {2012},
  Volume                   = {2}
}

@inproceedings{kim2004bioNer,
	title={{Introduction to the bio-entity recognition task at JNLPBA}},
	author={Kim, Jin-Dong and Ohta, Tomoko and Tsuruoka, Yoshimasa and Tateisi, Yuka and Collier, Nigel},
	booktitle={Proceedings of the international joint workshop on natural language processing in biomedicine and its applications},
	pages={70--75},
	year={2004},
	organization={{Association for Computational Linguistics}}
}

@inproceedings{grishman1996muc6,
	title={Message understanding conference-6: A brief history},
	author={Grishman, Ralph and Sundheim, Beth},
	booktitle={COLING 1996 Volume 1: The 16th International Conference on Computational Linguistics},
	volume={1},
	year={1996}
}

@InProceedings{sang2002introCoNLL,
  Title                    = {Introduction to the CoNLL-2002 Shared Task: Language-independent Named Entity Recognition},
  Author                   = {Tjong Kim Sang, Erik F.},
  Booktitle                = {Proceedings of the 6th Conference on Natural Language Learning - Volume 20},
  Year                     = {2002},

  Address                  = {Stroudsburg, PA, USA},
  Pages                    = {1--4},
  Publisher                = {Association for Computational Linguistics},
  Series                   = {COLING-02},

  Acmid                    = {1118877},
  Doi                      = {10.3115/1118853.1118877},
  Numpages                 = {4},
  Url                      = {https://doi.org/10.3115/1118853.1118877}
}

@InProceedings{Schwartz2015legaltopicmodel,
  Title                    = {A Legal Citation Recommendation Engine Using Topic Modeling and Semantic Similarity},
  Author                   = {Schwartz, Talia and Berger, Michael and Hernandez, Juan},
  Booktitle                = {Proceedings of Law and Big Data workshop (presentation), The 15th International Conference on Artificial Intelligence \& Law (ICAIL)},
  Year                     = {2015}
}

@InProceedings{souissi2013ginipls,
  Title                    = {Gini-PLS Regressions},
  Author                   = {Souissi, Fattouma and Mussard, St{\'e}phane},
  Booktitle                = {AFSE Meeting 2013},
  Year                     = {2013}
}

@InProceedings{stern2010detection,
  Title                    = {D{\'e}tection et r{\'e}solution d'entit{\'e}s nomm{\'e}es dans des d{\'e}p{\^e}ches d'agence},
  Author                   = {Stern, Rosa and Sagot, Beno{\^\i}t},
  Booktitle                = {Traitement Automatique des Langues Naturelles: TALN 2010},
  Year                     = {2010}
}

@InProceedings{surdeanu2010claimidentification,
  Title                    = {Legal claim identification: Information extraction with hierarchically labeled data},
  Author                   = {Surdeanu, Mihai and Nallapati, Ramesh and Manning, Christopher},
  Booktitle                = {Proceedings of the LREC 2010 Workshop on the Semantic Processing of Legal Texts},
  Year                     = {2010}
}

@InProceedings{tjong2003introCoNLL,
  Title                    = {Introduction to the CoNLL-2003 Shared Task: Language-independent Named Entity Recognition},
  Author                   = {Tjong Kim Sang, Erik F. and De Meulder, Fien},
  Booktitle                = {Proceedings of the Seventh Conference on Natural Language Learning at HLT-NAACL 2003 - Volume 4},
  Year                     = {2003},

  Address                  = {Stroudsburg, PA, USA},
  Pages                    = {142--147},
  Publisher                = {Association for Computational Linguistics},
  Series                   = {CONLL '03},

  Acmid                    = {1119195},
  Doi                      = {10.3115/1119176.1119195},
  Location                 = {Edmonton, Canada},
  Numpages                 = {6},
  Url                      = {https://doi.org/10.3115/1119176.1119195}
}

@InProceedings{wang2011clustmatrixrep,
  Title                    = {Document clustering via matrix representation},
  Author                   = {Wang, Xufei and Tang, Jiliang and Liu, Huan},
  Booktitle                = {2011 IEEE 11th International Conference on Data Mining},
  Year                     = {2011},
  Organization             = {IEEE},
  Pages                    = {804--813}
}

@InProceedings{wang2012nbsvm,
  Title                    = {Baselines and bigrams: Simple, good sentiment and topic classification},
  Author                   = {Wang, Sida and Manning, Christopher D},
  Booktitle                = {Proceedings of the 50th Annual Meeting of the Association for Computational Linguistics: Short Papers-Volume 2},
  Year                     = {2012},
  Organization             = {Association for Computational Linguistics},
  Pages                    = {90--94}
}

@InProceedings{witten1999languagemodel,
  Title                    = {Using language models for generic entity extraction},
  Author                   = {Witten, Ian H and Bray, Zane and others},
  Booktitle                = {Proceedings of the ICML Workshop on Text Mining},
  Year                     = {1999}
}

@InProceedings{wu1981pidf,
  Title                    = {A comparison of search term weighting: term relevance vs. inverse document frequency},
  Author                   = {Wu, Harry and Salton, Gerard},
  Booktitle                = {ACM SIGIR Forum},
  Year                     = {1981},
  Number                   = {1},
  Organization             = {ACM},
  Pages                    = {30--39},
  Volume                   = {16}
}

@inproceedings{wu2005chinesener,
	title={Chinese named entity recognition based on multiple features},
	author={Wu, Youzheng and Zhao, Jun and Xu, Bo and Yu, Hao},
	booktitle={Proceedings of the Conference on Human Language Technology and Empirical Methods in Natural Language Processing},
	pages={427--434},
	year={2005},
	organization={Association for Computational Linguistics}
}

@InProceedings{wu2003chinesener,
  Title                    = {Chinese named entity recognition combining a statistical model with human knowledge},
  Author                   = {Wu, Youzheng and Zhao, Jun and Xu, Bo},
  Booktitle                = {Proceedings of the ACL 2003 workshop on Multilingual and mixed-language named entity recognition-Volume 15},
  Year                     = {2003},
  Organization             = {Association for Computational Linguistics},
  Pages                    = {65--72}
}

@InProceedings{yang2016jointEntityEvt,
  author    = {Yang, Bishan and Mitchell, Tom},
  title     = {{Joint Extraction of Events and Entities within a Document Context}},
  booktitle = {Proceedings of NAACL-HLT},
  year      = {2016},
  pages     = {289--299},
}

@Manual{ace2005event,
  Title                    = {ACE (Automatic Content Extraction) English Annotation Guidelines for Events},
  Author                   = {ACE},
  Edition                  = {5.4.3},
  Note                     = {\url{https://www.ldc.upenn.edu/sites/www.ldc.upenn.edu/files/english-events-guidelines-v5.4.3.pdf}},
  Organization             = {Linguistic Data Consortium},
  Year                     = {2005}
}

@Manual{minjustice2005nac,
	Title                    = {{Manuel Technique: Répertoire Général - Annexe 3: Les Nomenclatures}},
	Note                     = {\url{http://www.textes.justice.gouv.fr/art_pix/instructnac2006.pdf}},
	Organization             = {Ministère de la Justice},
	Year                     = {2006}
}

@Manual{ace2005relation,
	Title                    = {ACE (Automatic Content Extraction)
	English Annotation Guidelines for Relations},
	Author                   = {ACE},
	Edition                  = {6.2},
	Note                     = {\url{https://www.ldc.upenn.edu/sites/www.ldc.upenn.edu/files/english-relations-guidelines-v6.2.pdf}},
	Organization             = {Linguistic Data Consortium},
	Year                     = {2008}
}

@Manual{baldwin2009bmewo,
  Title                    = {{Coding chunkers as taggers: IO, BIO, BMEWO, and BMEWO+}},
  Author                   = {Breck Baldwin},
  Note                     = {\url{http://bit.ly/2xRo8Ni}},
  Year                     = {2009},

  Url                      = {http://bit.ly/2xRo8Ni}
}

@Manual{Coulombe2017FrenchLeffLemmatizer,
  Title                    = {{F}rench{L}eff{L}emmatizer: A {F}rench Lemmatizer in {P}ython based on {LEFFF}, a large-scale morphological and syntactic lexicon for {F}rench.},
  Author                   = {Coulombe, Claude},
  Note                     = {\url{https://github.com/ClaudeCoulombe/FrenchLefffLemmatizer}},
  Year                     = {2017}
}

@Manual{persson2012nbbioner,
  Title                    = {Machine Learning for Tagging of Biomedical Literature},
  Author                   = {Persson, Caroline},
  Note                     = {Closing project report, Technical University of Denmark,{DTU} Informatics},
  Year                     = {2012}
}

@Manual{schmid1994treetagger,
  Title                    = {TreeTagger - a part-of-speech tagger for many languages},
  Author                   = {Schmid, Helmut},
  Note                     = {Available at \url{http://www.ims.uni-stuttgart.de/forschung/ressourcen/werkzeuge/treetagger.en.html}},
  Year                     = {1994},

  Booktitle                = {Proceedings of International Conference on New Methods in Language Processing},
  Pages                    = {154}
}

@Manual{thakker2009gatejape,
  Title                    = {Gate jape grammar tutorial},
  Author                   = {Thakker, Dhaval and Osman, Taha and Lakin, Phil},
  Year                     = {2009},

  Url                      = {https://gate.ac.uk/sale/thakker-jape-tutorial/GATE%20JAPE%20manual.pdf},
  Volume                   = {1}
}

@Manual{Zhu2010CRFlecture,
  Title                    = {Conditional Random Fields},
  Author                   = {Zhu, Xiaojin},
  Note                     = {CS769 Spring 2010 Advanced Natural Language Processing. \url{http://pages.cs.wisc.edu/~jerryzhu/cs769/CRF.pdf}},
  Year                     = {2010},

  url                      = {http://pages.cs.wisc.edu/~jerryzhu/cs769/CRF.pdf}
}

@PhdThesis{siniakov2008gropusrulebased,
  Title                    = {GROPUS an Adaptive Rule-based Algorithm for Information Extraction},
  Author                   = {Siniakov, Peter},
  School                   = {Freie Universit{\"a}t Berlin},
  Year                     = {2008}
}

@TechReport{ancel2003expulsion,
  Title                    = {Les décisions d'expulsion d'occupants sans droit ni titre - Connaissance empirique d’un contentieux hétérogène},
  Author                   = {Ancel, Pascal},
  Institution              = {[Rapport de recherche] Ministère de la Justice},
  Year                     = {2003},
  Note                     = {Texte: \url{https://halshs.archives-ouvertes.fr/halshs-00798914/document}, Annexes: \url{https://halshs.archives-ouvertes.fr/halshs-00798914/file/decisions_d_expulsion-annexes_1-5.pdf}},

  Url                      = {https://halshs.archives-ouvertes.fr/halshs-00798914/document}
}

@TechReport{chang2005applyingNER,
  Title                    = {Applying name entity recognition to informal text},
  Author                   = {Chang, Yu-shan and Sung, Yun-Hsuan},
  Institution              = {Stanford University},
  Year                     = {2005},
  Note                     = {CS224N/Ling237 Final Project Report}
}

@TechReport{Wallach2004crfintro,
  Title                    = {{Conditional Random Fields: An Introduction}},
  Author                   = {Wallach, Hanna M.},
  Institution              = {University of Pennsylvania Department of Computer and Information Science},
  Year                     = {2004},
  Note                     = {\url{https://repository.upenn.edu/cgi/viewcontent.cgi?article=1011&context=cis_reports}},

  Journal                  = {Technical Report No. MS-CIS-04-21}
}

@TechReport{zhang2001hmmie,
  Title                    = {{Hidden Markov Models for Information Extraction}},
  Author                   = {Zhang, Nancy R},
  Institution              = {Stanford Natural Language Processing Group},
  Year                     = {2001}
}

@InProceedings{Waltl2016lexia,
  author    = {Waltl, Bernhard and Matthes, Florian and Waltl, Tobias and Grass, Thomas},
  title     = {{LEXIA - A Data Science Environment for Semantic Analysis of German Legal Texts}},
  booktitle = {IRIS: Internationales Rechtsinformatik Symposium},
  year      = {2016},
  note      = {Salzburg, Austria},
}

@inproceedings{waltl2017legaliegerman,
	title={{Automated extraction of semantic information from German legal documents}},
	author={Waltl, BERNHARD and Landthaler, J{\"o}rg and Scepankova, Elena and Matthes, FLORIAN and Geiger, THOMAS and Stocker, CHRISTOPH and Schneider, CHRISTIAN},
	booktitle={IRIS: Internationales Rechtsinformatik Symposium. Association for Computational Linguistics},
	year={2017}
}

@inproceedings{waltl2017predictgermantaxlaw,
	title={Predicting the Outcome of Appeal Decisions in Germany’s Tax Law},
	author={Waltl, Bernhard and Bonczek, Georg and Scepankova, Elena and Landthaler, J{\"o}rg and Matthes, Florian},
	booktitle={International Conference on Electronic Participation},
	pages={89--99},
	year={2017},
	organization={Springer}
}

@article{lan2009rf,
	title={Supervised and traditional term weighting methods for automatic text categorization},
	author={Lan, Man and Tan, Chew Lim and Su, Jian and Lu, Yue},
	journal={IEEE transactions on pattern analysis and machine intelligence},
	volume={31},
	number={4},
	pages={721--735},
	year={2009},
	publisher={IEEE}
}


@inproceedings{lemikolov2014word2vec,
	title={Distributed representations of sentences and documents},
	author={Le, Quoc and Mikolov, Tomas},
	booktitle={International Conference on Machine Learning},
	pages={1188--1196},
	year={2014}
}

@InProceedings{Maat2010suggestmodelfragments,
  author    = {de Maat, Emile and Winkels, Radboud},
  title     = {Suggesting model fragments for sentences in dutch laws},
  booktitle = {{Proceedings of LOAIT 2010 (IV Workshop on Legal Ontologies and Artificial Intelligent Techniques)}},
  year      = {2010},
  editor    = {Enrico Francesconi and Simonetta Montemagni and Piercarlo Rossi and Daniela Tiscornia},
  pages     = {19--28},
  month     = jul,
  note      = {Florence, Italy},
}

@InProceedings{Bonin2010multiwordncvalue,
  author    = {Bonin, Francesca and Dell’Orletta, Felice and Venturi, Giulia and Montemagni, Simonetta},
  title     = {A contrastive approach to multi-word term extraction from domain corpora},
  booktitle = {Proceedings of the 7th International Conference on Language Resources and Evaluation},
  year      = {2010},
}

@InProceedings{LossioVentura2014biotex,
  author    = {Lossio-Ventura, Juan Antonio and Jonquet, Clement and Roche, Mathieu and Teisseire, Maguelonne},
  title     = {{BIOTEX: A system for biomedical terminology extraction, ranking, and validation}},
  booktitle = {Demonstrations Track within the 13th International Semantic Web Conference (ISWC’2014 Posters)},
  year      = {2014},
  address   = {Riva del Garda, Italy},
  month     = oct,
  url       = {https://hal-lirmm.ccsd.cnrs.fr/lirmm-01112894/document},
}

@Article{Shulayeva2017recognfactprincip,
  author    = {Shulayeva, Olga and Siddharthan, Advaith and Wyner, Adam},
  title     = {Recognizing cited facts and principles in legal judgements},
  journal   = {Artificial Intelligence and Law},
  year      = {2017},
  volume    = {25},
  number    = {1},
  pages     = {107--126},
  publisher = {Springer},
}

@Article{Galgani2015lexa,
  author    = {Galgani, Filippo and Compton, Paul and Hoffmann, Achim},
  title     = {Lexa: Building knowledge bases for automatic legal citation classification},
  journal   = {Expert Systems with Applications},
  year      = {2015},
  volume    = {42},
  number    = {17-18},
  pages     = {6391--6407},
  publisher = {Elsevier},
  url       = {https://link.springer.com/content/pdf/10.1007%2F978-3-642-17432-2_45.pdf},
}

@InProceedings{Sulea2017predictareadecision,
	author    = {{\c{S}}ulea, Octavia-Maria and Zampieri, Marcos and Vela, Mihaela and van Genabith, Josef},
	title     = {{Predicting the Law Area and Decisions of French Supreme Court Cases}},
	booktitle = {{Proceedings of the International Conference Recent Advances in Natural Language Processing, RANLP 2017}},
	year      = {2017},
	pages     = {716--722},
}

@InProceedings{sulea2017legalEnsSVM,
  author       = {{\c{S}}ulea, Octavia-Maria and Zampieri, Marcos and Malmasi, Shervin and Vela, Mihaela and P. Dinu, Liviu and van Genabith, Josef},
  title        = {{Exploring the Use of Text Classification in the Legal Domain}},
  booktitle    = {{Proceedings of 2nd Workshop on Automated Semantic Analysis of Information in Legal Texts}},
  year         = {2017},
  pages        = {5},
  address      = {London, United Kingdom},
  month        = jun,
  organization = {ASAIL’2017},
}

@article{bommarito2018lexnlp,
	title={LexNLP: Natural language processing and information extraction for legal and regulatory texts},
	author={Bommarito, II and Michael, J and Katz, Daniel Martin and Detterman, Eric M},
	journal={arXiv preprint arXiv:1806.03688},
	year={2018}
}

@Article{kim2017lawhealthnlp,
  author  = {Kim, Mi Young},
  title   = {{Natural Language Processing and Machine Learning Techniques in Real World (Law and Health)}},
  journal = {Robot Autom Eng J.},
  year    = {2017},
  volume  = {1},
  number  = {3},
  note    = {555562},
}

@InCollection{WynerMoens2010mineargument,
  author    = {Wyner, Adam and Mochales-Palau, Raquel and Moens, Marie-Francine and Milward, David},
  title     = {Approaches to text mining arguments from legal cases},
  booktitle = {{Semantic Processing of Legal Texts: where the Language of Law Meets the Law of Language}},
  publisher = {Springer-Verlag},
  year      = {2010},
  pages     = {60--79},
  address   = {Berlin, Heidelberg},
}

@article{raghuveer2012legalclusteringLDA,
	title={Legal documents clustering using latent dirichlet allocation},
	author={Raghuveer, K},
	journal={IAES Int. J. Artif. Intell},
	volume={2},
	number={1},
	pages={34--37},
	year={2012}
}

@inproceedings{mochales2008contextfreegrammararg,
	title={Study on the structure of argumentation in case law},
	author={Mochales, Raquel and Moens, Marie-Francine},
	booktitle={Proceedings of the 2008 Conference on Legal Knowledge and Information Systems},
	pages={11--20},
	year={2008}
}

@Article{Aletras2016predictDecisionECHR,
  author        = {Aletras, Nikolaos and Tsarapatsanis, Dimitrios and Preo{\c{t}}iuc-Pietro, Daniel and Lampos, Vasileios},
  title         = {{Predicting judicial decisions of the European Court of Human Rights: A Natural Language Processing perspective}},
  journal       = {PeerJ Computer Science},
  year          = {2016},
  volume        = {2},
  pages         = {e93},
  __markedentry = {[tagny:]},
  publisher     = {PeerJ Inc.},
}

@Article{Park2009fastkmedoids,
  author    = {Park, Hae-Sang and Jun, Chi-Hyuck},
  title     = {{A simple and fast algorithm for K-medoids clustering}},
  journal   = {Expert Systems with Applications},
  year      = {2009},
  volume    = {36},
  number    = {2},
  pages     = {3336--3341},
  publisher = {Elsevier},
}

@InProceedings{thenmozhi2017legalprecedretriev,
  author    = {Thenmozhi, D. and Kannan, Kawshik and Aravindan, Chandrabose},
  title     = {{A Text Similarity Approach for Precedence Retrieval from Legal Documents}},
  booktitle = {{Proceedings of Forum for Information Retrieval Evaluation - FIRE (Working Notes)}},
  year      = {2017},
  pages     = {90--91},
}

@Article{narazenko2017legalnlpintro,
  author  = {Nazarenko, Adeline and Wyner, Adam},
  title   = {{Legal NLP Introduction}},
  journal = {{Traitement automatique de la langue juridique / Legal Natural Language Processing - Revue TAL}},
  year    = {2017},
  volume  = {58},
  number  = {2},
  pages   = {7--19},
  note    = {\url{http://www.atala.org/content/introduction-0}},
}

@Article{Berka2011rbr-cbr,
  author =  {Berka, Petr},
  title =   {NEST: A Compositional Approach to Rule-Based and Case-Based Reasoning},
  journal = {Advances in Artificial Intelligence},
  year =    {2011},
  volume =  {2011},
  pages =   {15},
  note =    {Article ID 374250. \url{http://www.hindawi.com/journals/aai/2011/374250/}},
  doi =     {10.1155/2011/374250}
}

@InProceedings{bruninghaus2001improving,
  author =       {Br{\"u}ninghaus, Stefanie and Ashley, Kevin D},
  title =        {Improving the representation of legal case texts with information extraction methods},
  booktitle =    {Proceedings of the 8th international conference on Artificial intelligence and law},
  year =         {2001},
  pages =        {42--51},
  organization = {ACM}
}

@incollection{cardellino2015IEwitAL,
  title={Information Extraction with Active Learning: A Case Study in Legal Text},
  author={Cardellino, Cristian and Villata, Serena and Alemany, Laura Alonso and Cabrio, Elena},
  booktitle={Computational Linguistics and Intelligent Text Processing},
  pages={483--494},
  year={2015},
  publisher={Springer}
}

@Article{cretin2014justicecomplexe,
  author =  {Laurette Cretin},
  title =   {L'opinion des Français sur la justice},
  journal = {INFOSTAT JUSTICE},
  year =    {2014},
  volume =  {125},
  month =   {Janvier},
  note =    {\url{http://www.justice.gouv.fr/art\_pix/1\_infostat125\_20140122.pdf}},
  url =     {http://www.justice.gouv.fr/art\_pix/1\_infostat125\_20140122.pdf}
}

@Article{demaat2003normanalysis,
  author =  {de Maat, Emile and van Engers, Tom M.},
  title =   {Mission impossible?: Automated norm analysis of legal texts},
  journal = {Legal Knowledge and Information systems, Jurix2003: the sixteenth Annual conferenece, ISBN},
  year =    {2003},
  volume =  {1},
  number =  {58603},
  pages =   {398}
}

@Article{erdelez1997legalinformatics,
  author =    {Erdelez, Sanda and O'Hare, Sheila},
  title =     {Legal Informatics: Application of Information Technology in Law.},
  journal =   {Annual Review of Information Science and Technology (ARIST)},
  year =      {1997},
  volume =    {32},
  pages =     {367--402},
  publisher = {ERIC}
}

@InProceedings{freitag1999hmmshirinkage,
  author =       {Freitag, Dayne and McCallum, Andrew},
  title =        {Information extraction with HMMs and shrinkage},
  booktitle =    {Proceedings of the AAAI-99 workshop on machine learning for information extraction},
  year =         {1999},
  pages =        {31--36},
  organization = {Orlando, Florida}
}@article{Genesereth2015computationallaw,
author = {Michael Genesereth},
title = {Computational Law: The Cop in the Backseat},
year = {2015},
journal = {The standford Center for Legal Informatics hosted the third annual FutureLaw 2015 conference},
note = {\url{http://logic.stanford.edu/complaw/complaw.html}},
}

@Article{gruner1986thinking,
  author =    {Gruner, Richard},
  title =     {Thinking like a lawyer: Expert systems for legal analysis},
  journal =   {1 Berkeley Tech . L.J.},
  year =      {1986},
  volume =    {1},
  number =    {2},
  pages =     {259--328},
  note =      {\url{ http://scholarship.law.berkeley.edu/btlj/vol1/iss2/1}},
  publisher = {JSTOR}
}

@InProceedings{han2003iesvm,
  author =       {Han, Hui and Giles, C Lee and Manavoglu, Eren and Zha, Hongyuan and Zhang, Zhenyue and Fox, Edward A},
  title =        {Automatic document metadata extraction using support vector machines},
  booktitle =    {Digital Libraries, 2003. Proceedings. 2003 Joint Conference on},
  year =         {2003},
  pages =        {37--48},
  organization = {IEEE},
  note =         {\url{https://clgiles.ist.psu.edu/papers/JCDL-2003-automata-metdata.pdf}}
}

@InBook{holland-webbn2014precedent,
  chapter =   {6. The Doctrine of Judicial Precedent},
  title =     {Learning legal rules: a students' guide to legal method and reasoning},
  publisher = {Oxford university press},
  year =      {2004},
  author =    {Holland, James and Webbn, Julian},
  url =       {http://www.sze.hu/\~kallay/letolt/2011/februar/the\%20doctrine\%20of\%20judicial\%20precedent.pdf}
}

@InBook{langlaischappe2009ecoresolutionlitige,
	chapter =   {4. Analyse économique de la résolution des litiges},
	title =     {Analyses économiques du droit: principes, méthodes, résultats},
	publisher = {Editions de Boeck Université},
	year =      {2009},
	author =    {Langlais, Eric and Chappe, Nathalie},
	url =       {http://www.sze.hu/\~kallay/letolt/2011/februar/the\%20doctrine\%20of\%20judicial\%20precedent.pdf}
}

@article{katz2017predictsupremecourt,
	title={A general approach for predicting the behavior of the Supreme Court of the United States},
	author={Katz, Daniel Martin and Bommarito II, Michael J and Blackman, Josh},
	journal={PloS one},
	volume={12},
	number={4},
	pages={e0174698},
	year={2017},
	publisher={Public Library of Science}
}

@Article{kastellec2010statistical,
  author =    {Kastellec, Jonathan P},
  title =     {The statistical analysis of judicial decisions and legal rules with classification trees},
  journal =   {Journal of Empirical Legal Studies},
  year =      {2010},
  volume =    {7},
  number =    {2},
  pages =     {202--230},
  note =      {\url{http://scholar.princeton.edu/sites/default/files/trees_0.pdf}},
  publisher = {Wiley Online Library},
  url =       {\url{http://scholar.princeton.edu/sites/default/files/trees_0.pdf}}
}
@article{katz2014predicting,
  title={Predicting the behavior of the supreme court of the united states: A general approach},
  author={Katz, Daniel Martin and Bommarito, Michael James and Blackman, Josh},
  journal={Available at SSRN 2463244},
  year={2014}
}

@InProceedings{klein2003standfordparser,
  author =       {Klein, Dan and Manning, Christopher D},
  title =        {Accurate unlexicalized parsing},
  booktitle =    {Proceedings of the 41st Annual Meeting on Association for Computational Linguistics-Volume 1},
  year =         {2003},
  pages =        {423--430},
  organization = {Association for Computational Linguistics}
}

@Article{lawlor1963foundations,
  author =    {Reed C. Lawlor},
  title =     {FOUNDATIONS OF LOGICAL LEGAL DECISION MAKING},
  journal =   {MULL: Modern Uses of Logic in Law},
  year =      {1963},
  volume =    {4},
  number =    {2},
  pages =     {98-114},
  month =     {June},
  note =      {\url{http://www.jstor.org/stable/29760940}},
  issn =      {21589240},
  publisher = {American Bar Association},
  url =       {http://www.jstor.org/stable/29760940}
}

@Article{leith2010risefall,
  author =  {Leith, Philip},
  title =   {The rise and fall of the legal expert system},
  journal = {European Journal of Law and Technology},
  year =    {2010},
  volume =  {1},
  number =  {1},
  pages =   {179--201},
  note =    {\url{http://ejlt.org/article/view/14/1}}
}
@inproceedings{love2005computationallaw,
  title={Computational law},
  author={Love, Nathaniel and Genesereth, Michael},
  booktitle={Proceedings of the 10th international conference on Artificial intelligence and law},
  pages={205--209},
  year={2005},
  organization={ACM}
}

@inproceedings{moens2007NBvsMaxent4arguments,
	title={Automatic detection of arguments in legal texts},
	author={Moens, Marie-Francine and Boiy, Erik and Palau, Raquel Mochales and Reed, Chris},
	booktitle={Proceedings of the 11th international conference on Artificial intelligence and law},
	pages={225--230},
	year={2007},
	organization={ACM}
}

@inproceedings{medvedeva2018echrCristalBall,
	title={Judicial Decisions of the European Court of Human Rights: Looking into the Crystal Ball},
	author={Medvedeva, Masha and Vols, Michel and Wieling, Martijn},
	booktitle={Proceedings of the Conference on Empirical Legal Studies},
	year={2018}
}

@article{vapnik1995statlearning,
	title={The nature of statistical learning},
	author={Vapnik, Vladimir N},
	journal={Theory},
	year={1995},
	publisher={springer}
}


@Article{martin2004competing,
  author =    {Martin, Andrew D and Quinn, Kevin M and Ruger, Theodore W and Kim, Pauline T},
  title =     {Competing approaches to predicting supreme court decision making},
  journal =   {Perspectives on Politics},
  year =      {2004},
  volume =    {2},
  number =    {04},
  pages =     {761--767},
  note =      {\url{http://wusct.wustl.edu/media/man1.pdf}},
  publisher = {Cambridge Univ Press},
  url =       {\url{http://wusct.wustl.edu/media/man1.pdf}}
}
@inproceedings{mccallum2000maxent,
  title={Maximum Entropy Markov Models for Information Extraction and Segmentation.},
  author={McCallum, Andrew and Freitag, Dayne and Pereira, Fernando CN},
  booktitle={ICML},
  volume={17},
  pages={591--598},
  year={2000}
}

@unpublished{McCallumMALLET,
	author = "Andrew Kachites McCallum",
	title = "MALLET: A Machine Learning for Language Toolkit",
	note = "http://mallet.cs.umass.edu",
	year = 2002}

@InProceedings{moens2002case-basedreasoning,
  author =       {Moens, Marie-Francine},
  title =        {What information retrieval can learn from case-based reasoning},
  booktitle =    {Legal Knowledge and Information Systems},
  year =         {2002},
  pages =        {83--91},
  organization = {Jurix 2002: The Fifteenth Annual Conference},
  publisher =    {T.J.M. Bench-Capon, A. Daskalopulu and R.G.F. Winkels (eds.)},
  note =         {\url{https://www.researchgate.net/profile/Marie-Francine_Moens/publication/250777261_What_Information_Retrieval_Can_Learn_from_Case-Based_Reasoning/links/0a85e52ecd015d41d4000000.pdf}},
  url =          {https://www.researchgate.net/profile/Marie-Francine_Moens/publication/250777261_What_Information_Retrieval_Can_Learn_from_Case-Based_Reasoning/links/0a85e52ecd015d41d4000000.pdf}
}

@Article{peng2006crf,
  author =    {Peng, Fuchun and McCallum, Andrew},
  title =     {Information extraction from research papers using conditional random fields},
  journal =   {Information processing \& management},
  year =      {2006},
  volume =    {42},
  number =    {4},
  pages =     {963--979},
  publisher = {Elsevier},
  url =       {http://aclasb.dfki.de/nlp/bib/N04-1042}
}

@InProceedings{peng-mccallum2004crf,
  author =    {Peng, Fuchun and McCallum, Andrew},
  title =     {Accurate Information Extraction from Research Papers using Conditional Random Fields},
  booktitle = {HLT-NAACL 2004: Main Proceedings},
  year =      {2004},
  editor =    {Susan Dumais, Daniel Marcu and Salim Roukos},
  pages =     {329--336},
  address =   {Boston, Massachusetts, USA},
  month =     {May 2 - May 7},
  publisher = {Association for Computational Linguistics},
  url =       {http://www.aclweb.org/anthology/N04-1042}
}

@Article{rabiner1989tutorial,
  author =    {Rabiner, Lawrence R.},
  title =     {A tutorial on hidden Markov models and selected applications in speech recognition},
  journal =   {Proceedings of the IEEE},
  year =      {1989},
  volume =    {77},
  number =    {2},
  pages =     {257--286},
  publisher = {IEEE}
}

@Article{ruger2004supreme,
  author =    {Ruger, Theodore W and Kim, Pauline T and Martin, Andrew D and Quinn, Kevin M},
  title =     {The Supreme Court forecasting project: Legal and political science approaches to predicting Supreme Court decision--making},
  journal =   {Columbia Law Review},
  year =      {2004},
  pages =     {1150--1210},
  note =      {\url{http://scholarship.law.berkeley.edu/cgi/viewcontent.cgi?article=1018&context=facpubs}},
  publisher = {JSTOR}
}

@Article{Seymore1999hmm,
  author =  {Seymore, Kristie and McCallum, Andrew and Rosenfeld, Ronald},
  title =   {{Learning hidden Markov model structure for information extraction}},
  journal = {AAAI-99 Workshop on Machine {\ldots}},
  year =    {1999},
  doi =     {10.1.1.47.8365},
  file =    {:C$\backslash$:/Users/gtagnyngompe/Documents/Workspace/these/Docs choisis/PGM for IE/Learning Hidden Markov Model Structure for Information Extraction 1999.pdf:pdf},
  url =     {http://www.aaai.org/Papers/Workshops/1999/WS-99-11/WS99-11-007}
}

@InProceedings{taghva2005address,
  author =       {Taghva, Kazem and Coombs, Jeffrey S and Pereda, Ray and Nartker, Thomas A},
  title =        {Address extraction using hidden markov models},
  booktitle =    {Electronic Imaging 2005},
  year =         {2005},
  pages =        {119--126},
  organization = {International Society for Optics and Photonics}
}

@InProceedings{wyner2010casefactors,
  author    = {Wyner, Adam and Peters, Wim},
  title     = {{Lexical Semantics and Expert Legal Knowledge towards the Identification of Legal Case Factors.}},
  booktitle = {{JURIX}},
  year      = {2010},
  volume    = {10},
  pages     = {127--136},
  note      = {\url{http://wyner.info/research/Papers/WynerPetersCaseFactorsJURIX2010Final.pdf}},
}

@Article{wyner2010extractlegalelts,
  author =    {Wyner, Adam Z},
  title =     {Towards annotating and extracting textual legal case elements},
  journal =   {Informatica e Diritto: special issue on legal ontologies and artificial intelligent techniques},
  year =      {2010},
  volume =    {19},
  number =    {1-2},
  pages =     {9--18},
  note =      {\url{http://citeseerx.ist.psu.edu/viewdoc/download?doi=10.1.1.232.1531&rep=rep1&type=pdf#page=9}},
  file =      {Legal Knowledge extraction and Modeling:C\:\\Users\\gtagnyngompe\\Documents\\Workspace\\these\\Etat de l'art du sujet\\Towards Annotating and Extracting Textual Legal Case Elements.pdf:PDF},
  publisher = {Citeseer}
}

@InProceedings{wyner2012GateAnnotation,
  author =    {Wyner, Adam and Peters, Wim},
  title =     {Semantic Annotations for Legal Text Processing using GATE Teamware},
  booktitle = {Semantic Processing of Legal Texts (SPLeT-2012) Workshop Programme},
  year =      {2012},
  pages =     {34},
  note =      {\url{http://lrec.elra.info/proceedings/lrec2012/workshops/27.LREC%202012%20Workshop%20Proceedings%20SPLeT.pdf#page=42}},
  url =       {\url{http://lrec.elra.info/proceedings/lrec2012/workshops/27.LREC%202012%20Workshop%20Proceedings%20SPLeT.pdf#page=42}}
}



@inproceedings{brown2013ngram1100languages,
	title={Selecting and weighting n-grams to identify 1100 languages},
	author={Brown, Ralf D},
	booktitle={International Conference on Text, Speech and Dialogue},
	pages={475--483},
	year={2013},
	organization={Springer}
}


@article{xiao2004information,
  title={Information extraction from the web: System and techniques},
  author={Xiao, Luo and Wissmann, Dieter and Brown, Michael and Jablonski, Stephan},
  journal={Applied Intelligence},
  volume={21},
  number={2},
  pages={195--224},
  year={2004},
  publisher={Springer}
}
@inproceedings{yamron1998hidden,
  title={A hidden Markov model approach to text segmentation and event tracking},
  author={Yamron, Jonathan P and Carp, Ira and Gillick, Larry and Lowe, Steve and van Mulbregt, Paul},
  booktitle={Acoustics, Speech and Signal Processing, 1998. Proceedings of the 1998 IEEE International Conference on},
  volume={1},
  pages={333--336},
  year={1998},
  organization={IEEE}
}

@Article{zhang2001hmmie,
  author =  {Zhang, Nancy R},
  title =   {Hidden Markov Models for Information Extraction},
  journal = {Technical Report. Stanford Natural Language Processing Group},
  year =    {2001}
}

@Article{Ashley2009classifCases,
  author        = {Ashley, Kevin D. and Br{\"{u}}ninghaus, Stefanie},
  title         = {{Automatically classifying case texts and predicting outcomes}},
  journal       = {Artificial Intelligence and Law},
  year          = {2009},
  volume        = {17},
  number        = {2},
  pages         = {125--165},
  issn          = {09248463},
  note          = {Available at: \url{http://link.springer.com/article/10.1007%2Fs10506-009-9077-9}},
  doi           = {10.1007/s10506-009-9077-9},
  file          = {:C$\backslash$:/Users/gtagnyngompe/Documents/Workspace/these/Etat de l'art du sujet/Automatically classifying case texts and predicting outcomes 2009.pdf:pdf},
  isbn          = {0924-8463},
  keywords      = {Case-based reasoning,Classifying case texts,Predicting case outcomes,predicting,text process},
  mendeley-tags = {text process,predicting},
  url           = {http://link.springer.com/content/pdf/10.1007%2Fs10506-009-9077-9.pdf},
}

@Misc{McCallum2012Mallet,
  author = {McCallum, Andrew Kachites},
  title  = {{MALLET: A Machine Learning for Language Toolkit}},
  year   = {2012},
  note   = {\url{http://mallet.cs.umass.edu/}},
}

@Comment{jabref-meta: databaseType:bibtex;}
